<collection xmlns="http://www.loc.gov/MARC21/slim">
<record>
  <leader>01546nam0a22002771i 450 </leader>
  <controlfield tag="001">IT\ICCU\CNCE\053406</controlfield>
  <controlfield tag="005">20060621000000.0</controlfield>
  <datafield tag="100" ind1=" " ind2=" ">
    <subfield code="a">20021112f1580        0itac0103    ba</subfield>
  </datafield>
  <datafield tag="101" ind1=" " ind2=" ">
    <subfield code="a">LAT</subfield>
  </datafield>
  <datafield tag="102" ind1=" " ind2=" ">
    <subfield code="a">IT</subfield>
  </datafield>
  <datafield tag="200" ind1="1" ind2=" ">
    <subfield code="a">Ordines excellentiss. senatus Mediolani, editi circa eiusdem decreta fienda in civilibus causis, et criminalibus, necnon de iis quae per iudices huius dominij in memoratis causis servari debent</subfield>
  </datafield>
  <datafield tag="210" ind1=" " ind2=" ">
    <subfield code="a">Mediolani</subfield>
    <subfield code="c">apud Paulum Gottardum Pontium</subfield>
    <subfield code="d">\1580!</subfield>
  </datafield>
  <datafield tag="215" ind1=" " ind2=" ">
    <subfield code="a">12 c.</subfield>
    <subfield code="d">fol</subfield>
  </datafield>
  <datafield tag="300" ind1=" " ind2=" ">
    <subfield code="a">Per la data cfr.: Sapori, G., Antichi testi giuridici (secoli XV-XVIII) dell&apos;Istituto di Storia del diritto italiano, I, p. 398, n. 1952</subfield>
  </datafield>
  <datafield tag="620" ind1=" " ind2=" ">
    <subfield code="a">IT</subfield>
    <subfield code="d">Milano</subfield>
  </datafield>
  <datafield tag="710" ind1="0" ind2="2">
    <subfield code="a">Milano</subfield>
    <subfield code="c"> &lt;Ducato&gt;</subfield>
    <subfield code="b"> : Senato</subfield>
    <subfield code="3">IT\ICCU\CNCA\008496</subfield>
  </datafield>
  <datafield tag="712" ind1="0" ind2="0">
    <subfield code="a">Da_Ponte, Paolo Gottardo</subfield>
    <subfield code="3">IT\ICCU\CNCT\001755</subfield>
    <subfield code="4">650</subfield>
  </datafield>
  <datafield tag="791" ind1="0" ind2="2">
    <subfield code="a">Senatus Mediolanensis</subfield>
    <subfield code="3">26359</subfield>
    <subfield code="z">Milano &lt;Ducato&gt; : Senato</subfield>
  </datafield>
  <datafield tag="791" ind1="0" ind2="2">
    <subfield code="a">Senato di Milano</subfield>
    <subfield code="3">26360</subfield>
    <subfield code="z">Milano &lt;Ducato&gt; : Senato</subfield>
  </datafield>
  <datafield tag="791" ind1="0" ind2="0">
    <subfield code="a">Pontius, Paulus Gottardus</subfield>
    <subfield code="3">IT\ICCU\CNCT\003718</subfield>
    <subfield code="z">Da_Ponte, Paolo Gottardo</subfield>
  </datafield>
  <datafield tag="791" ind1="0" ind2="0">
    <subfield code="a">Ponte, Paolo Gottardo da</subfield>
    <subfield code="3">IT\ICCU\CNCT\003719</subfield>
    <subfield code="z">Da_Ponte, Paolo Gottardo</subfield>
  </datafield>
  <datafield tag="791" ind1="0" ind2="0">
    <subfield code="a">Pontio, Paolo Gottardo</subfield>
    <subfield code="3">IT\ICCU\CNCT\004498</subfield>
    <subfield code="z">Da_Ponte, Paolo Gottardo</subfield>
  </datafield>
  <datafield tag="791" ind1="0" ind2="0">
    <subfield code="a">Ponzio, Paolo Gottardo</subfield>
    <subfield code="3">IT\ICCU\CNCT\004500</subfield>
    <subfield code="z">Da_Ponte, Paolo Gottardo</subfield>
  </datafield>
  <datafield tag="791" ind1="0" ind2="0">
    <subfield code="a">Poncio, Pablo Gotardo</subfield>
    <subfield code="3">IT\ICCU\CNCT\004501</subfield>
    <subfield code="z">Da_Ponte, Paolo Gottardo</subfield>
  </datafield>
  <datafield tag="801" ind1=" " ind2="3">
    <subfield code="a">IT</subfield>
    <subfield code="b">ICCU</subfield>
    <subfield code="c">20201115</subfield>
  </datafield>
  <datafield tag="899" ind1=" " ind2=" ">
    <subfield code="a">Biblioteca del Dipartimento di diritto privato e storia del diritto dell&apos;Universit ̉degli studi di Milano. Milano</subfield>
    <subfield code="1">MI1334</subfield>
    <subfield code="2">USM L1</subfield>
  </datafield>
</record>
</collection>
